@misc{dong,
       author = "DONG Energy",
       title = "Sales \& Distribution",
       year = "2012",
			 url = "http://www.dongenergy.com/EN/business%20activities/distribution/Pages/distribution.aspx"
			}
			
@misc{energiNet,
       author = "Energinet.dk",
       title = "ENERGINET",
       year = "2012",
			 url = "http://www.energinet.dk",
			 note = {Retrieved: December 14th 2012}
			}
			
@misc{meregio,
       author = "MeRegio",
       title = "MeRegio",
			 url = "http://www.meregio.de/en/",
			year = "2012",
			note = "Retrieved: December 11th 2012"
			}			

@misc{restlet,
       author = "Restlet S.A.S.",
       title = "Restlet",
       year = "2012",
			 url = "http://www.restlet.org/"
			}
			
@misc{wsp,
  title = "List of web service protocols",
	url = "http://en.wikipedia.org/wiki/List_of_web_service_protocols",
	note = "Retrieved: December 16th 2012"
}
			
@misc{resteasy,
		author = "JBoss Community team",
	title = "RESTEasy - JBoss Community",
 year = "2012",
 url = "http://www.jboss.org/resteasy"
}
		
@misc{restHyper,
	author = "Roy T. Fielding",
	title = "REST APIs must be hypertext-driven",
  year = "2008",
  url = "http://roy.gbiv.com/untangled/2008/rest-apis-must-be-hypertext-driven",
	note = "Retrieved: December 16th 2012"

}			
			
@misc{jersey,
		author = "Java.net",
	title = "Jersey — Java.net",
 year = "2012",
 url = "http://www.jboss.org/resteasy"
}


@misc{jaxrs,
		author = "Java.net",
	title = "Jax-RS — Java.net",
 year = "2012",
 url = "http://jax-rs-spec.java.net/"
}

@misc{jaxb,
		author = "Java.net",
	title = "JAXB — Java.net",
 year = "2012",
 url = "http://jaxb.java.net/"
}

@misc{soap,
		author = "W3C",
	title = "SOAP Version 1.2 Part 1: Messaging Framework (Second Edition)",
 year = "2007",
 url = "http://www.w3.org/TR/soap12-part1/"
}


@misc{fielding00,
		author = "Roy Thomas Fielding",
	title = "Architectural Styles and
the Design of Network-based Software Architectures",
 year = "2000",
 url = "http://www.ics.uci.edu/~fielding/pubs/dissertation/top.htm"
}

@misc{javase,
		author = "Oracle",
	title = "Java SE at a Glance",
 url = "http://www.oracle.com/technetwork/java/javase/overview/index.html",
year = "2012",
note = {Retrieved: December 13th 2012}
}

@misc{jvm,
	author = "Tim Lindholm and Frank Yellin and Gilad Bracha and Alex Buckley",
	title = "The Java™ Virtual Machine Specification",
	url = "http://docs.oracle.com/javase/specs/jvms/se7/html/index.html",
	year = "2012",
	month = "July",
	note = {Retrieved: December 16th 2012}
}

@Book{seybert11,
  author =       "Heidi Seybert",
  title =        "Internet use in households and by individuals in 2011",
  publisher =    "Eurostat, European Union",
  year =         "2011",
  ISSN =         "1977-0316",
	url = {http://epp.eurostat.ec.europa.eu/cache/ITY\_OFFPUB/KS-SF-11-066/EN/KS-SF-11-066-EN.PDF}
}


@Book{lindyer10,
  author =       "Jimmy Lin and Chris Dyer",
  title =        "Data-Intensive Text Processing with MapReduce",
  publisher =    "Morgan \& Claypool",
  year =         "2010",
  ISSN =         "9781608453429",
	url = "http://www.morganclaypool.com/doi/pdf/10.2200/S00274ED1V01Y201006HLT007"
}



@unpublished{d5.3,
  author =  { Tea Tu\v{s}ar and Erik Dovgan and Bogdan Filipi\v{c} and Alexandr Savinov },
  title =        {D5.3  Initial draft of the scheduling and negotiation framework Work Package(s) WP5 Scheduling \& Negotiation},
  year =         "2011",
	month = 			 "May",
	date = 				 "30",
	note = {Retrieved: December 18th 2012, Confidential MIRABEL document}
}

@unpublished{d3.2,
  author =  {Laurynas \v{S}ik\v{s}nys and Dalia Kaulakien\.{e} and Torben B. Pedersen and Ralf Rantzau and Matthias B\"{o}hm},
  title =        {D3.2 Initial Specification of Data Collection and Analysis System},
  year =         "2010",
	month = 			 "December",
	date = 				 "20",
	note = {Retrieved: December 18th 2012, Confidential MIRABEL document}
}


@unpublished{d3.3,
  author =       {Laurynas \v{S}ik\v{s}nys and Chaithanya Vedhri and Torben B. Pedersen AAU and Christian Thomsen},
  title =        "D3.3 Basic prototype of data collection and analysis system, including basic forecasting integration",
	year = "2012",
	note = {Retrieved: December 18th 2012, Internal MIRABEL document}
}

@manual{themrm,
  title = "THE HARMONISED ELECTRICITY MARKET ROLE MODEL",
	organization = "ENTSO-E AISBL",
	year = "2011",
	month = "January",
	url = {http://www.ebix.org/Documents/role\_model\_v2011\_01.pdf},
	note = {Retrieved: December 18th 2012}
	
}

@unpublished{d7.5,
  author =  {Jack Verhoosel and Diederik Rothengatter and Frens-Jan Rumph and Mente Konsman},
  title =        {D7.5 Initial draft of the MIRABEL Standard },
  year =         "2011",
	month = 			 "December",
	date = 				 "22",
	url = "http://wwwdb.inf.tu-dresden.de/miracle/2012/09/d75-mirabel-one.html",
	note = {Retrieved: December 18th 2012, Published MIRABEL document}
}

@misc{studie,
	author = "Aalborg Universitet. Det Teknisk - Naturvidenskabelige Fakultet",
	title = "Studieordning for Kandidatuddannelsen i Software 1. - 4. semester",
	year = "2011",
	month = "September",
	url = "http://www.sict.aau.dk/digitalAssets/34/34891_software-kandidat.pdf"
}

@unpublished{d1.3,
  author =  {Henrike Bertold and Alexander Savinov and Laurynas \v{S}ik\v{s}nys and Tea Tu\v{a}sr and Bogdan Filipic and Matthias B\"{o}hm and Zoran Marinsek and Gregor Cerne},
  title =        {D1.3 Conceptual draft of the request management architecture and its design},
  year =         "2011",
	month = 			 "July",
	date = 				 "15",
	note = {Retrieved: December 18th 2012, Confidential MIRABEL document}
}

@misc{d6.3,
  author =  {Laurynas \v{S}ik\v{s}nys and Chaithanya Vadhri and Anders Buch Frandsen and Michael Ørts Lisby and \v{C}erne Gregor and Yoann Pitarch and Torben B. Pedersen},
  title =        {D6.3 Specification, design and implementation of simulated test environment},
	year = "2012",
	note = {Retrieved: December 18th 2012, Internal MIRABEL document}
}

@unpublished{foGenerator,
  author =  {Chaithanya Vadhri and Laurynas \v{S}ik\v{s}nys},
  title =        {User manual for Flex-Offer Generator},
	year = "2012",
	note = {Retrieved: December 18th 2012, Internal MIRABEL document}
}


@unpublished{towardsagg,
  author =  {Dalia Kaulakien\.{e} and Laurynas \v{S}ik\v{s}nys and Ralf Rantzau and Torben B. Pedersen},
  title =        {Towards Aggregation of Energy Planning Objects with Flexibility},
  year =         "2013",
	note = {Retrieved: December 18th 2012, Internal MIRABEL document}
}

@unpublished{SCEDFDA,
  author =  {Alex Bondo Andersen and Kim A. Jakobsen and Rasmus Veiergang Prentow},
  title =        {Scaling Communication of Energy Demand Flexibility using Distributed Aggregation},
  year =         "2013",
}

@article{restVsSoap,
	author = "Michael zur Muehlen and Jeffrey V. Nickerson and Keith D. Swenson",
	title = "Developing web services choreography standards—the case of REST vs. SOAP",
	journal = "Decision Support Systems",
	year = "2005",
	month = "9",
	volume = "40",	
	url = "http://www.sciencedirect.com/science/article/pii/S0167923604000612"
}


@misc{activemq,
	author = "Apache Software Foundation",
	title = "ActiveMQ",
	year = "2012",
	url = "http://activemq.apache.org/"
}

  
@misc{mirabel,
	author = "MIRABEL Consortium",
	title = "MIRABEL stands for Micro-Request-Based Aggregation, Forecasting and Scheduling of Energy Demand, Supply and Distribution",
	year = "2010",
	url = "http://www.mirabel-project.eu/"
}

  

  
@misc{iso,
	author = "ISO",
	title = "Systems and software engineering -- Systems and software Quality Requirements and Evaluation (SQuaRE) -- System and software quality models",
	year = "",
	url = ""
}

@article{birte,
  author =  {Ulrike Fischer and Dalia Kaulakien and Mohamed E. Khalefa and Wolfgang Lehner and Torben Bach Pedersen and Laurynas \v{S}ik\v{s}nys and Christian Thomsen},
  title =        {Real-time Business Intelligence in the MIRABEL Smart Grid System},
  year =         "2012",
	month = "August",
	journal =      "The 6th International Workshop on Business Intelligence for the Real Time Enterprise (BIRTE 2012)"
}


@inproceedings{ssdbm,
  added-at = {2012-09-18T00:00:00.000+0200},
  author = {Siksnys, Laurynas and Khalefa, Mohamed E. and Pedersen, Torben Bach},
  biburl = {http://www.bibsonomy.org/bibtex/28e3796f10144b74e81375763e659a1c1/dblp},
  booktitle = {SSDBM},
  editor = {Ailamaki, Anastasia and Bowers, Shawn},
  ee = {http://dx.doi.org/10.1007/978-3-642-31235-9_25},
  interhash = {222ede49f10d3dfcdb4bbd56a71a9799},
  intrahash = {8e3796f10144b74e81375763e659a1c1},
  isbn = {978-3-642-31234-2},
  keywords = {dblp},
  pages = {379-396},
  publisher = {Springer},
  series = {Lecture Notes in Computer Science},
  timestamp = {2012-09-18T00:00:00.000+0200},
  title = {Aggregating and Disaggregating Flexibility Objects.},
  url = {http://dblp.uni-trier.de/db/conf/ssdbm/ssdbm2012.html\#SiksnysKP12},
  volume = 7338,
  year = 2012
}

@inproceedings{carmeli,
  added-at = {2009-10-01T00:00:00.000+0200},
  author = {Carmeli, Boaz and Gershinsky, Gidon and Harpaz, Avi and Naaman, Nir and Nelken, Haim and Satran, Julian and Vortman, Pnina},
  biburl = {http://www.bibsonomy.org/bibtex/279cec4c101526329546b805b3444d397/dblp},
  booktitle = {SAC},
  date = {2009-10-01},
  description = {dblp},
  editor = {Haddad, Hisham and Omicini, Andrea and Wainwright, Roger L. and Liebrock, Lorie M.},
  ee = {http://doi.acm.org/10.1145/967900.967971},
  interhash = {896af0d34a64941f6a352f4aa326af98},
  intrahash = {79cec4c101526329546b805b3444d397},
  isbn = {1-58113-812-1},
  keywords = {dblp},
  pages = {322-327},
  publisher = {ACM},
  timestamp = {2009-10-01T00:00:00.000+0200},
  title = {High throughput reliable message dissemination.},
  url = {http://dblp.uni-trier.de/db/conf/sac/sac2004.html\#CarmeliGHNNSV04},
  year = 2004
}



%ISO. ISO/IEC 25010:2011 Systems and software
%engineering { Systems and software Quality
%Requirements and Evaluation (SQuaRE) { System
%and software quality models, 2011.
